<record><leader>00000cas a22000007a 4500</leader><controlfield tag="001">27354165</controlfield><controlfield tag="008">930201d18881888maudr ne      0    0eng d</controlfield><datafield ind1=" " ind2=" " tag="010"><subfield code="a">sn 93058743 </subfield></datafield><datafield ind1=" " ind2=" " tag="040"><subfield code="a">MGN</subfield><subfield code="b">eng</subfield><subfield code="c">MGN</subfield><subfield code="d">OCLCQ</subfield></datafield><datafield ind1=" " ind2=" " tag="042"><subfield code="a">msc</subfield></datafield><datafield ind1="0" ind2="0" tag="245"><subfield code="a">'Sconset pump.</subfield></datafield><datafield ind1="1" ind2="3" tag="246"><subfield code="a">'Sconset pump and town crier</subfield><subfield code="f">July 23, 1888-</subfield></datafield><datafield ind1="3" ind2="0" tag="246"><subfield code="a">Siasconset pump</subfield></datafield><datafield ind1="3" ind2="0" tag="246"><subfield code="a">Siasconset pump and town crier</subfield></datafield><datafield ind1=" " ind2=" " tag="260"><subfield code="a">Siasconset (Nantucket Island), Mass. :</subfield><subfield code="b">[R.B. Hussey and Gustav Kobbe]</subfield></datafield><datafield ind1=" " ind2=" " tag="300"><subfield code="a">v.</subfield></datafield><datafield ind1=" " ind2=" " tag="310"><subfield code="a">Daily</subfield></datafield><datafield ind1="1" ind2=" " tag="362"><subfield code="a">Ceased Sept. 1888?</subfield></datafield><datafield ind1="0" ind2=" " tag="362"><subfield code="a">Vol. 1, no. 1 (July 9, 1888)-</subfield></datafield><datafield ind1=" " ind2=" " tag="752"><subfield code="a">United States</subfield><subfield code="b">Massachusetts</subfield><subfield code="c">Nantucket</subfield><subfield code="d">Siasconset.</subfield></datafield><datafield ind1=" " ind2=" " tag="752"><subfield code="a">United States</subfield><subfield code="b">Massachusetts</subfield><subfield code="c">Nantucket</subfield><subfield code="d">Nantucket.</subfield></datafield></record>